@article{han:2010,
 author = {Han, Sangjin and Jang, Keon and Park, KyoungSoo and Moon, Sue},
 title = {PacketShader: A GPU-accelerated Software Router},
 journal = {SIGCOMM Comput. Commun. Rev.},
 issue_date = {October 2010},
 volume = {40},
 number = {4},
 month = aug,
 year = {2010},
 issn = {0146-4833},
 pages = {195--206},
 numpages = {12},
 url = {http://doi.acm.org/10.1145/1851275.1851207},
 doi = {10.1145/1851275.1851207},
 acmid = {1851207},
 publisher = {ACM},
 address = {New York, NY, USA},
 keywords = {CUDA, GPU, software router},
}

@book{jeffers:2013,
 author = {Jeffers, James and Reinders, James},
 title = {Intel Xeon Phi Coprocessor High Performance Programming},
 year = {2013},
 isbn = {9780124104143, 9780124104945},
 edition = {1st},
 publisher = {Morgan Kaufmann Publishers Inc.},
 address = {San Francisco, CA, USA},
} 

